@article{EnJCP2002,
title="{A Hybrid Particle Level Set Method for Improved Interface Capturing}",
author={Enright, D. and Fedkiw, R. P. and Ferziger, J. H. and Mitchell, I.},
journal={J. Comput. Phys.}, 
volume={183},
pages={83–116},
year={2002}
} 

@article{OsJCP1988,
author={Osher, S. and Sethian, J. A.},
year={1988}, 
title="{Fronts propagating with curvature-dependent speed: Algorithms based on Hamilton–Jacobi formulations}",
journal={J. Comput. Phys.},
volume={79},
pages={12-49}
}

@Incollection{Marechal2009,
author="Mar{\'e}chal, Lo{\"i}c",
editor="Clark, Brett W.",
title="Advances in Octree-Based All-Hexahedral Mesh Generation: Handling Sharp Features",
bookTitle="Proceedings of the 18th International Meshing Roundtable",
year="2009",
publisher="Springer Berlin Heidelberg",
address="Berlin, Heidelberg",
pages="65--84",
isbn="978-3-642-04319-2",
doi="10.1007/978-3-642-04319-2_5",
url="http://dx.doi.org/10.1007/978-3-642-04319-2_5"
}

@article{ShIJCG2000,
author={Robert Schneiders}, 
title={Octree-Based Hexahedral Mesh Generation},
journal={Int. J. Comput. Geom. Appl.},
volume={10}, 
pages={383},
year={2000}
}
http://dx.doi.org/10.1142/S021819590000022X
http://www.worldscientific.com/doi/abs/10.1142/S021819590000022X?journalCode=ijcga


@inproceedings{DwKlHrAIAA,
author={Dawes, W.N. and Kellar, W.P. and Harvey, S.A.},
title={Using Level Sets as the basis for a scalable, parallel geometry engine and mesh generation system},
booktitle={47th AIAA Aerospace Sciences Meeting \& Exhibit}, 
year={2009}
}


@article{AkGlCGD2001,
author={Akkouche, S. and Galin, E.},
title="{Adaptive Implicit Surface Polygonization Using Marching Triangles}", 
booktitle={COMPUTER GRAPHICS forum},
year={2001}, 
volume={20}, 
pages={67-80}
}
@INPROCEEDINGS{Chen97delaunaytriangulation,
    author = {Hao Chen and Jonathan Bishop},
    title = "{Delaunay Triangulation for Curved Surfaces}",
    booktitle = {In 6th International Meshing Roundtable Proceedings},
    year = {1997},
    pages = {115--127}
}


@book{pdebook,
tiele="{Partial Differential Equations: Second Edition}",
author={Lawrence Evans},
year={2010},
Series={Graduate Studies in Mathematics},
pages={749},
Publisher={American Mathematical Society}
}

@phdthesis{ZhWVU05,
author={Hanzhou Zhang},
title={Mesh Generation for Voxel-Based Objects},
school={West Virginia University},
note={Scientific advisor: A.Smirnov},
year=2005,
pages=122
}
@article{SmZhIJMS08,
author={Smirnov, A.V. and Zhang, H.},
title="\href{http://mulphys.appspot.com/doc/08/ijms.pdf}{Physically-Based Node Distributions for Mesh Generation}",
journal={International Journal of Modelling and Simulation},
number={205-4582},
volume=28,
publisher={ACTA Press / IASTED},
year=2008,
file={/home/andrei/new/ring/tex/ACTA-PRESS.05/205-4582.pdf}
}

@inproceedings{ZhSmUSNCCM05,
author={Zhang, H. and Smirnov, A.},
title="\href{http://mulphys.appspot.com/doc/05/usnccm.pdf}{Node Generation for Meshless Methods by Monte Carlo Simulation}",
booktitle={8th US National Congress on Computational Mechanics},
series={USNCCM-05},
number={43.3.3},
year=2005,
address={Austin, TX},
file={projects/ring/tex/USNCCM.05}
}

@article{ZhSmIJNME05,
author={Zhang, H. and Smirnov, A. V.},
title="\href{http://mulphys.appspot.com/doc/05/ijnme.pdf}{Node placement for triangular mesh generation by Monte Carlo simulation}",
journal={International Journal for Numerical Methods in Engineering},
year=2005,
number=7,
volume=64,
pages={973-989},
publisher={John Wiley \& Sons, Ltd.}
}


@inproceedings{ZhSmCISST05,
author={Zhang, H. and Smirnov, A.V.},
title="\href{http://mulphys.appspot.com/doc/05/cisst05presentation.pdf}{Surface Mesh Generation for Voxel-Based Objects by Energy Minimization}",
booktitle={International Conference on Imaging Science Systems and Technology: Computer Graphics},
editor={H.R.Arabnia},
year=2005,
date={June 27-30},
publisher={CSREA Press},
address={LasVegas, Nevada},
pages={55-61},
file={/home/andrei/projects/ring/tex/CISST.05}
}

@inproceedings{ZhSmIASTED05,
author={Hanzhou Zhang and Andrei V. Smirnov},
title="\href{http://mulphys.appspot.com/doc/05/iastedmesh.pdf}{Node Distribution for Numerical Methods with Monte Carlo Simulation}",
booktitle={IASTED International Conference on Modelling and Simulation (MS 2005)},
series={MS-05},
number={459-037},
pages={363-368},
year=2005,
address={Cancun, Mexico},
path={projects/ring/tex/IASTED.05;fileserver.mulphys:/home/zhang/dolphin/prj/tex/mesh/monteCarlo/IASTED_MS2005, http://www.actapress.com/PaperInfo.aspx?PaperID=19597}
}


@INPROCEEDINGS{SmZhIMR04,
AUTHOR = {Andrei V. Smirnov and Hanzhou Zhang},
TITLE ="\href{http://mulphys.appspot.com/doc/04/imr04.pdf}{Surface Mesh Generation on Voxel-Based Objects}",
BOOKTITLE ={13th International Meshing Roundtable},
address={Williamsburg, Virginia USA},
date={September 19-22},
pages={291-298},
YEAR ={2004}
}

@misc{MulphysMeshMC,
author={Andrei Smirnov},
title="{Monte-Carlo Meshing}",
howpublished={\href{http://galacticbubble.com/mulphys/mesh/mc}{mulphys.com/mesh/mc}},
year={2007}
}

@misc{JBrukhardtWWW,
author={J. Brukhardt},
title="{Tet Mesh of Points in 3D}",
note={A FORTRAN Implementation},
howpublished={\href{http://people.sc.fsu.edu/~jburkardt/f_src/table_tet_mesh/table_tet_mesh.html}{people.sc.fsu.edu/~jburkardt}},
year={2009}
}

@techreport{Edelsbrunner2001,
author={Herbert Edelsbrunner},
title="{Geometry and Topology for Mesh Generation}",
institution={Cambridge}, 
year={2001},
number={QA377.E36},
isbn={ISBN 0-521-79309-2}
}

@article{BJoe1991,
author={Barry Joe},
title="{GEOMPACK - A Software Package For The Generation Of Meshes Using Geometric Algorithms}",
journal={Advances in Engineering Software},
volume={13}, 
pages={325-331}, 
year={1991}
}

@article{POPersson2004,
author={Per-Olof Persson and Gilbert Strang},
title="{A Simple Mesh Generator in MATLAB}",
journal={SIAM Review},
volume={46}, 
number={2}, 
pages={329-345}, 
month={June},
year={2004}
}

@phdthesis{PerssonPHD2005,
author={Per-Olof Persson},
title="{Mesh Generation for Implicit Geometries}",
school={Massachusetts Institute of Technology},
year={2005}
}


@misc{gts,
author={GTS},
title="{The GTS Library}",
note={3D Delaunay Triangulation},
howpublished={\href{http://gts.sourceforge.net/index.html}{gts.sourceforge.net}},
year={2015}
}

@misc{cgal,
author={cgal},
title="{The Computational Geometry Algorithms Library}",
note={Open Source Project},
howpublished={\href{http://www.cgal.org/}{cgal.org}},
year={2017}
}

@misc{qhull,
author={Qhull.Org},
title="{Qhull}",
note={Convex hull, Delaunay triangulation},
howpublished={\href{http://www.qhull.org}{qhull.org}},
year={2016}
}

@book{LJbook,
title="{Three Phases of Matter}",
author={Alan J. Walton},
publisher={McGraw-Hill}, 
year={1976}
} 

@book{MCbook,
title="{Simulation and the Monte Carlo Method}",
author={Reuven Y. Rubinstein},
publisher={John Wiley \& Sons}, 
year={2009}
} 

@misc{VTK,
howpublished="\href{https://www.vtk.org}{vtk.org}",
title="{VTK Toolkit}",
author={Open Source Project},
year={2009}
}

@misc{TetgenFF,
howpublished="\href{http://wias-berlin.de/software/tetgen/fformats.html}{wias-berlin.de}",
title="{Tetgen File Formats}",
author={WIAS},
year={2017}
}


